@article{akinyele2013charm,
  title={Charm: a framework for rapidly prototyping cryptosystems},
  author={Akinyele, Joseph A and Garman, Christina and Miers, Ian and Pagano, Matthew W and Rushanan, Michael and Green, Matthew and Rubin, Aviel D},
  journal={Journal of Cryptographic Engineering},
  volume={3},
  number={2},
  pages={111--128},
  year={2013},
  publisher={Springer}
}

@inproceedings{lewis2003cryptol,
  title={Cryptol: High assurance, retargetable crypto development and validation},
  author={Lewis, Jeffrey R and Martin, Brad},
  booktitle={Military Communications Conference, 2003. MILCOM'03. 2003 IEEE},
  volume={2},
  pages={820--825},
  year={2003},
  organization={IEEE}
}